% Encoding: UTF-8
@book{exemplo_livroe,
	title        = {Título de obra},
	author       = {SOBRENOME, Prenome do Autor},
	year         = {data de publicação},
	publisher    = {Editora},
	address      = {Local de publicação},
	url          = {http://www.udesc.br/cct},
	note         = {Descrição física},
	edition      = {Número da edição (se houver)},
	subtitle     = {subtítulo (se houver)},
	urlaccessdate = {10 nov. 2020}
}
@book{exemplo_livro,
	title        = {Título de obra},
	author       = {SOBRENOME, Prenome do Autor},
	year         = {data de publicação},
	publisher    = {Editora},
	address      = {Local de publicação},
	edition      = {Número da edição (se houver)},
	subtitle     = {subtítulo (se houver)}
}
@mastersthesis{exemplo_dissertacao,
	title        = {Título de obra},
	author       = {SOBRENOME, Prenome do Autor},
	year         = {data},
	address      = {local de apresentação/defesa},
	url          = {http://www.udesc.br/cct},
	note         = {Descrição física},
	school       = {Vinculação acadêmica},
	subtitle     = {subtítulo (se houver)},
	urlaccessdate = {10 nov. 2020}
}
@phdthesis{exemplo_tese,
	title        = {Título de obra},
	author       = {SOBRENOME, Prenome do Autor},
	year         = {data},
	address      = {local de apresentação/defesa},
	url          = {http://www.udesc.br/cct},
	note         = {Descrição física},
	school       = {Vinculação acadêmica},
	subtitle     = {subtítulo (se houver)},
	urlaccessdate = {10 nov. 2020}
}
@article{exemplo_artigo,
	title        = {Título do artigo},
	author       = {SOBRENOME, Prenome do Autor},
	year         = {data ou período de publicação},
	journal      = {Título do periódico},
	address      = {Local de publicação},
	volume       = {numeração do ano e/ou volume},
	number       = {número e/ou edição},
	pages        = {páginas inicial e final},
	doi          = {DOI},
	url          = {http://www.udesc.br/cct},
	subtitle     = {subtítulo (se houver)},
	urlaccessdate = {10 nov. 2020}
}
%--------------------------------------------------------------------------------------------------------------------------
Referências Criadas Abaixo
%--------------------------------------------------------------------------------------------------------------------------
@article{decreto_10939,
	title        = {Decreto nº 10.393, de 09 de junho de 2020},
	shorttitle   = {Decreto nº 10.393/2020},
	author       = {Brasil},
	year         = 2020,
	journal      = {Diário Oficial [da] República Federativa do Brasil},
	address      = {Brasília, DF},
	url          = {https://planalto.gov.br/ccivil_03/_Ato2019-2022/2020/Decreto/D10393.htm},
	note         = {Institui a nova Estratégia Nacional de Educação Financeira - ENEF e o Fórum Brasileiro de Educação Financeira - FBEF.},
	date         = {09 jun. 2020},
	organization = {Brasil},
	urlaccessdate = {29 set. 2022}
}
@article{Frisancho2023Spillover,
	title        = {Spillover Effects of Financial Education: The Impact of School-Based Programs on Parents},
	author       = {Verónica Frisancho},
	year         = 2023,
	journal      = {Policy Commons},
	publisher    = {Inter-American Development Bank},
	doi          = {10.18235/0004736},
	url          = {https://policycommons.net/artifacts/3450278/spillover-effects-of-financial-education/},
	urlaccessdate = {15 out. 2023}
}
@article{arifudin2022gdd,
	title        = {Implementasi Game Design Document Pada Perancangan Game-based learning},
	author       = {Arifudin, Dani and Suliswaningsih, Suliswaningsih and Pramesti, Dian and Heryanti, Linda},
	year         = 2022,
	month        = {Dec.},
	journal      = {CogITo Smart Journal},
	volume       = 8,
	number       = 2,
	pages        = {385--397},
	doi          = {10.31154/cogito.v8i2.431.385-397},
	url          = {https://cogito.unklab.ac.id/index.php/cogito/article/view/431},
	urlaccessdate = {29 out. 2023}
}
@article{Ozkale2023Designing,
	title        = {Designing mathematical tasks to enhance financial literacy among children in Grades 1-8},
	author       = {Abdullah Ozkale and Carmela Aprea},
	year         = 2023,
	journal      = {International Journal of Mathematical Education in Science and Technology},
	publisher    = {Taylor \& Francis},
	volume       = 54,
	number       = 3,
	pages        = {433--450},
	doi          = {10.1080/0020739X.2022.2157342},
	url          = {https://doi.org/10.1080/0020739X.2022.2157342},
	urlaccessdate = {29 out. 2023}
}
@article{masnan2016financial,
	title        = {Financial education program for early childhood education},
	author       = {Masnan, Abdul Halim and Curugan, April Ann M and others},
	year         = 2016,
	journal      = {International Journal of Academic Research in Business and Social Sciences},
	publisher    = {Human Resource Management Academic Research Society, International Journal~…},
	volume       = 6,
	number       = 12,
	pages        = {113--120},
	doi          = {10.6007/IJARBSS/v6-i12/2477},
	url          = {https://www.researchgate.net/profile/Abdul-Halim-Masnan/publication/312589466_Financial_Education_Program_for_Early_Childhood_Education/links/58842c7492851c21ff44adbf/Financial-Education-Program-for-Early-Childhood-Education.pdf},
	urlaccessdate = {03 out. 2023}
}
@article{Junger_Medeiros_Moura_Barrocal_Amaral_2019,
	title        = {Marketing Infantil: A Influência Midiática No Desenvolvimento Psicológico De Crianças EAdolescentes},
	author       = {Junger, Alex Paubel and Medeiros, Andressa Rodrigues de and Moura, Débora Martins Viana de and Barrocal, Rebeca Rosa and Amaral, Luiz Henrique},
	year         = 2019,
	journal      = {Revista Terceiro Incluído: Transdiciplinaridade e Temas Contemporâneos},
	address      = {Goiânia},
	volume       = {09},
	number       = {01},
	pages        = {93--103},
	doi          = {10.5216/teri.v9i1.56012},
	url          = {https://revistas.ufg.br/teri/article/view/56012},
	urlaccessdate = {02 out. 2022}
}
@misc{OECD,
	title        = {Financial Competence Framework for Children and Youth in the European Union},
	author       = {{European Union/OECD}},
	year         = 2023,
	doi          = {10.2874/297346},
	isbn         = {978-92-68-07150-2},
	url          = {https://finance.ec.europa.eu/system/files/2023-09/230927-financial-competence-framework-children-youth_en.pdf},
	note         = {EV-06-23-001-EN-N},
	urlaccessdate = {10 nov. 2023}
}
@article{Santos_Thayna_da_silva_2021,
	title        = {A Importância do Lúdico no Processo de Ensino Aprendizagem e no Desenvolvimento Infantil},
	author       = {Santos, Thayná da Silva and Menezes, Aurelania Maria de Carvalho},
	year         = 2021,
	journal      = {ID Online. Revista de Psicologia},
	volume       = 15,
	number       = 58,
	pages        = {660--668},
	doi          = {10.14295/idonline.v15i58.3353},
	url          = {https://idonline.emnuvens.com.br/id/article/download/3353/5263},
	urlaccessdate = {05 out. 2022}
}
@article{Cruz_Araujo_Andrye_Galvao_Madeira_2022,
	title        = {Jogos Educacionais Digitais e suas Relações com os Campos de Experiências da Educação Infantil},
	author       = {Cruz Araujo, Lucineide and Andrye Galvao Madeira, Charles},
	year         = 2022,
	journal      = {RENOTE},
	volume       = 20,
	number       = 1,
	pages        = {183--192},
	doi          = {10.22456/1679-1916.126634},
	url          = {http://penta3.ufrgs.br/RENOTE/RENOTE-2022-1/artigos/224071.pdf},
	place        = {Porto Alegre},
	urlaccessdate = {14 set. 2023}
}
@book{Educacao_financeira_nas_escolas,
	title        = {Educação Financeira nas Escolas 5},
	author       = {CONEF},
	year         = 2014,
	publisher    = {CONEF},
	address      = {Brasília},
	url          = {https://issuu.com/edufinanceiranaescola/docs/ef_aluno_livro5_isbn_ok_web},
	edition      = {1ª ed.},
	subtitle     = {Ensino Fundamental},
	urlaccessdate = {12 out. 2022}
}
@book{Educacao_financeira_nas_escolas_professor,
	title        = {Educação Financeira nas Escolas 5 - Livro do Professor},
	author       = {CONEF},
	year         = 2014,
	publisher    = {CONEF},
	address      = {Brasília},
	url          = {https://issuu.com/edufinanceiranaescola/docs/ef_prof_livro_5_isbn_ok_web},
	edition      = {1ª ed.},
	subtitle     = {Ensino Fundamental},
	urlaccessdate = {12 out. 2022}
}
@online{SERASA_2023,
	title        = {Número de Brasileiros Inadimplentes Atinge Recorde em Janeiro de 2023},
	author       = {SERASA},
	year         = 2023,
	url          = {https://agenciabrasil.ebc.com.br/economia/noticia/2023-02/mais-de-70-milhoes-de-brasileiros-estao-inadimplentes-aponta-serasa},
	urlaccessdate = {12 nov. 2023}
}
@online{IBGE_Censo_2022,
	title        = {Censo Demográfico 2022},
	author       = {IBGE},
	year         = 2023,
	url          = {https://g1.globo.com/economia/censo/noticia/2023/06/28/censo-do-ibge-populacao-do-brasil-cresce-645percent-e-chega-a-203-milhoes-veja-numeros.ghtml},
	urlaccessdate = {12 nov. 2023}
}
@article{Debt_Maze,
	title        = {Evolution of Serious Games to Support Lifelong Learning and Decision Making: Design and Implementation of a Financial Literacy Game},
	author       = {Rasco, A. and Chan, J. and Peko, G. and Sundaram, D.},
	year         = 2021,
	month        = {January},
	journal      = {Proceedings of the 54th Hawaii International Conference on System Sciences},
	pages        = 64,
	doi          = {10.24251/hicss.2021.008},
	url          = {https://researchspace.auckland.ac.nz/bitstream/handle/2292/60302/0007.pdf?sequence=2},
	urlaccessdate = {29 out. 2023}
}
@article{mariano2020educaccao,
	title        = {Educação financeira infantil: forma criativa de educar},
	author       = {MARIANO, Kathleen Diniz and FERNANDES, Carolina Martins and Dos SANTOS, Juliana Casarotti Ferreira},
	year         = 2020,
	journal      = {ETIC-ENCONTRO DE INICIA{\c{C}}{\~A}O CIENT{\'I}FICA-ISSN 21-76-8498},
	volume       = 16,
	number       = 16,
	url          = {http://intertemas.toledoprudente.edu.br/index.php/ETIC/article/viewFile/8828/67650332},
	urlaccessdate = {29 out. 2023}
}
@article{Finance_Game,
	title        = {FINANCE GAME: UM JOGO DE APOIO À EDUCAÇÃO FINANCEIRA},
	author       = {de Castro Teixeira Junior, Rodrigo and Teixeira Traspadini, Arthur and Alves Sant'ana, Vinicius and Batista Nascimento, Danilo and Battestin Nunes, Vanessa and Alcina Martins Nobre, Isaura},
	year         = 2015,
	month        = {jul.},
	journal      = {Revista Novas Tecnologias na Educação},
	volume       = 13,
	number       = 1,
	doi          = {10.22456/1679-1916.57663},
	url          = {https://seer.ufrgs.br/index.php/renote/article/view/57663},
	place        = {Porto Alegre},
	urlaccessdate = {26 out. 2023}
}
@article{santos2020investplay,
	title        = {InvestPlay: Jogo de educação financeira para crianças na faixa etária de 10 à 16 anos},
	author       = {Santos, Evandro dos and Silvestre, Róbson},
	year         = 2020,
	journal      = {Ciência da Computação-Tubarão},
	url          = {https://repositorio.animaeducacao.com.br/bitstream/ANIMA/15961/2/DocFinal.pdf},
	urlaccessdate = {29 out. 2023}
}
@article{lee2023,
	title        = {Digital Twin for Math Education: A Study on the Utilization of Games and Gamification for University Mathematics Education},
	author       = {Jung Yeop Lee and C. Pyon and J. Woo},
	year         = 2023,
	journal      = {Electronics},
	volume       = 12,
	number       = 15,
	pages        = 3207,
	doi          = {10.3390/electronics12153207},
	url          = {https://dx.doi.org/10.3390/electronics12153207},
	urlaccessdate = {29 out. 2023}
}
@article{dahalan2023,
	title        = {Gamification and Game Based Learning for Vocational Education and Training: A Systematic Literature Review},
	author       = {Fazlida Dahalan and Norlidah Alias and M. S. N. Shaharom},
	year         = 2023,
	journal      = {Education and Information Technologies},
	volume       = 28,
	number       = 1,
	pages        = {1--20},
	doi          = {10.1007/s10639-022-11548-w},
	url          = {https://dx.doi.org/10.1007/s10639-022-11548-w},
	urlaccessdate = {29 out. 2023}
}
@article{fortes2023aprendizagem,
	title        = {Aprendizagem através da tecnologia: os desafios e a importância dessa temática no contexto de ensino e aprendizagem},
	author       = {Fortes, Maria Carolina and Vanini, Lucas and Pires, Alessa Simões},
	year         = 2023,
	journal      = {Revista Contribuciones},
	volume       = 16,
	number       = 8,
	doi          = {10.55905/revconv.16n.8-226},
	url          = {https://dx.doi.org/10.55905/revconv.16n.8-226},
	urlaccessdate = {29 out. 2023}
}
@article{inchamnan2019gamification,
	title        = {Gamification-Driven Process: Financial Literacy in Thailand},
	author       = {Inchamnan, Wilawan and Niranatlamphong, Winyu and Engbunmeesakul, Natlapat},
	year         = 2019,
	journal      = {2019 17th International Conference on ICT and Knowledge Engineering (ICT\&KE)},
	pages        = {1--6},
	doi          = {10.1109/ICTKE47035.2019.8966885},
	url          = {https://www.researchgate.net/profile/Wilawan-Inchamnan/publication/338799600_Gamification-Driven_Process_Financial_Literacy_in_Thailand/links/5e59df9c92851cefa1cd917a/Gamification-Driven-Process-Financial-Literacy-in-Thailand.pdf},
	urlaccessdate = {29 out. 2023}
}
@misc{RPGMakerMZ,
	title        = {RPG Maker MZ},
	author       = {Kadokawa},
	year         = 2020,
	url          = {https://www.rpgmakerweb.com/products/rpg-maker-mz},
	urlaccessdate = {Acessado em: 25 out. 2023}
}
@misc{GIMP_Documentation,
	title        = {GIMP Documentation},
	author       = {GIMP},
	year         = 2023,
	url          = {https://docs.gimp.org/2.10/pt_BR/},
	urlaccessdate = {Acessado em: 26 out. 2023}
}
@comment{jabref-meta: databaseType:bibtex;}
