% Encoding: UTF-8

@Book{exemplo_livroe,
  title         = {Título de obra},
  publisher     = {Editora},
  year          = {data de publicação},
  author        = {SOBRENOME, Prenome do Autor},
  address       = {Local de publicação},
  edition       = {Número da edição (se houver)},
  note          = {Descrição física},
  subtitle      = {subtítulo (se houver)},
  url           = {http://www.udesc.br/cct},
  urlaccessdate = {10 nov. 2020},
}

@Book{exemplo_livro,
  title     = {Título de obra},
  publisher = {Editora},
  year      = {data de publicação},
  author    = {SOBRENOME, Prenome do Autor},
  address   = {Local de publicação},
  edition   = {Número da edição (se houver)},
  subtitle  = {subtítulo (se houver)},
}

@MastersThesis{exemplo_dissertacao,
  author        = {SOBRENOME, Prenome do Autor},
  title         = {Título de obra},
  school        = {Vinculação acadêmica},
  year          = {data},
  address       = {local de apresentação/defesa},
  note          = {Descrição física},
  subtitle      = {subtítulo (se houver)},
  url           = {http://www.udesc.br/cct},
  urlaccessdate = {10 nov. 2020},
}

@PhdThesis{exemplo_tese,
  author        = {SOBRENOME, Prenome do Autor},
  title         = {Título de obra},
  school        = {Vinculação acadêmica},
  year          = {data},
  address       = {local de apresentação/defesa},
  note          = {Descrição física},
  subtitle      = {subtítulo (se houver)},
  url           = {http://www.udesc.br/cct},
  urlaccessdate = {10 nov. 2020},
}

@Article{exemplo_artigo,
  author        = {SOBRENOME, Prenome do Autor},
  title         = {Título do artigo},
  journal       = {Título do periódico},
  year          = {data ou período de publicação},
  volume        = {numeração do ano e/ou volume},
  number        = {número e/ou edição},
  pages         = {páginas inicial e final},
  address       = {Local de publicação},
  doi           = {DOI},
  subtitle      = {subtítulo (se houver)},
  url           = {http://www.udesc.br/cct},
  urlaccessdate = {10 nov. 2020},
}

@Article{educacao_financeira_na_infancia_reflexos,
  author        = {VANDERLEY, Matheus S. and SILVA, Jean G. S. and ALMEIDA, Severina A. S.},
  title         = {Educação Financeira na Infância e Adolescência e Seus Reflexos na Vida Adulta: Uma Revisão de Literatura},
  journal       = {Facit Business and Technology Journal},
  year          = {2020},
  volume        = {Vol. 1},
  number        = {Ed. 20},
  pages         = {149-166},
  address       = {Local de publicação},
  doi           = {DOI},
  url           = {http://revistas.faculdadefacit.edu.br/index.php/JNT/article/download/825/596},
  urlaccessdate = {10 nov. 2020},
}

@Article{decreto_7397,
  author        = {Brasil},
  title         = {Decreto nº 7.397, de 22 de dezembro de 2010},
  nota          = {Institui a Estratégia Nacional de Educação Financeira - ENEF, dispõe sobre a sua gestão e dá outras providências.},
  journal       = {Diário Oficial [da] República Federativa do Brasil},
  year          = {2010},
  date          = {22 dez. 2010},
  organization  = {Brasil},
  url           = {http://www.planalto.gov.br/ccivil_03/_ato2007-2010/2010/decreto/d7397.htm},
  urlaccessdate = {29 set. 2022},
  address       = {Brasília, DF},
  shorttitle    = {Decreto nº 7.397/2010},
  timestamp     = {29 set. 2022},
}

@Comment{jabref-meta: databaseType:bibtex;}
