% Encoding: UTF-8
@book{exemplo_livroe,
	title        = {Título de obra},
	author       = {SOBRENOME, Prenome do Autor},
	year         = {data de publicação},
	publisher    = {Editora},
	address      = {Local de publicação},
	url          = {http://www.udesc.br/cct},
	note         = {Descrição física},
	edition      = {Número da edição (se houver)},
	subtitle     = {subtítulo (se houver)},
	urlaccessdate = {10 nov. 2020}
}
@book{exemplo_livro,
	title        = {Título de obra},
	author       = {SOBRENOME, Prenome do Autor},
	year         = {data de publicação},
	publisher    = {Editora},
	address      = {Local de publicação},
	edition      = {Número da edição (se houver)},
	subtitle     = {subtítulo (se houver)}
}
@mastersthesis{exemplo_dissertacao,
	title        = {Título de obra},
	author       = {SOBRENOME, Prenome do Autor},
	year         = {data},
	address      = {local de apresentação/defesa},
	url          = {http://www.udesc.br/cct},
	note         = {Descrição física},
	school       = {Vinculação acadêmica},
	subtitle     = {subtítulo (se houver)},
	urlaccessdate = {10 nov. 2020}
}
@phdthesis{exemplo_tese,
	title        = {Título de obra},
	author       = {SOBRENOME, Prenome do Autor},
	year         = {data},
	address      = {local de apresentação/defesa},
	url          = {http://www.udesc.br/cct},
	note         = {Descrição física},
	school       = {Vinculação acadêmica},
	subtitle     = {subtítulo (se houver)},
	urlaccessdate = {10 nov. 2020}
}
@article{exemplo_artigo,
	title        = {Título do artigo},
	author       = {SOBRENOME, Prenome do Autor},
	year         = {data ou período de publicação},
	journal      = {Título do periódico},
	address      = {Local de publicação},
	volume       = {numeração do ano e/ou volume},
	number       = {número e/ou edição},
	pages        = {páginas inicial e final},
	doi          = {DOI},
	url          = {http://www.udesc.br/cct},
	subtitle     = {subtítulo (se houver)},
	urlaccessdate = {10 nov. 2020}
}
%--------------------------------------------------------------------------------------------------------------------------
Referências Criadas Abaixo
%--------------------------------------------------------------------------------------------------------------------------
@article{decreto_10939,
	title        = {Decreto nº 10.393, de 09 de junho de 2020},
	shorttitle   = {Decreto nº 10.393/2020},
	author       = {Brasil},
	year         = 2020,
	journal      = {Diário Oficial [da] República Federativa do Brasil},
	address      = {Brasília, DF},
	url          = {https://planalto.gov.br/ccivil_03/_Ato2019-2022/2020/Decreto/D10393.htm},
	nota         = {nstitui a nova Estratégia Nacional de Educação Financeira - ENEF e o Fórum Brasileiro de Educação Financeira - FBEF.},
	date         = {09 jun. 2020},
	organization = {Brasil},
	urlaccessdate = {29 set. 2022},
	timestamp    = {29 set. 2022}
}
@article{Frisancho2023Spillover,
	title        = {Spillover Effects of Financial Education: The Impact of School-Based Programs on Parents},
	author       = {Verónica Frisancho},
	year         = 2023,
	journal      = {Policy Commons},
	publisher    = {Inter-American Development Bank},
	doi          = {10.18235/0004736},
	url          = {https://policycommons.net/artifacts/3450278/spillover-effects-of-financial-education/},
	eprint       = {https://policycommons.net/artifacts/3450278/spillover-effects-of-financial-education/}
}
@article{Ozkale2023Designing,
	title        = {Designing mathematical tasks to enhance financial literacy among children in Grades 1–8},
	author       = {Abdullah Ozkale and Carmela Aprea},
	year         = 2023,
	journal      = {International Journal of Mathematical Education in Science and Technology},
	publisher    = {Taylor & Francis},
	volume       = 54,
	number       = 3,
	pages        = {433--450},
	doi          = {10.1080/0020739X.2022.2157342},
	url          = {https://doi.org/10.1080/0020739X.2022.2157342},
	eprint       = {https://doi.org/10.1080/0020739X.2022.2157342}
}
@article{AbuBakarAh2016Importance,
	title        = {The Importance of Financial Education in the School Curriculum},
	author       = {Siti Hajar Binti Abu Bakar Ah and Siti Nor Bayaah Binti Ahmad},
	year         = 2016,
	journal      = {International Journal of Academic Research in Business and Social Sciences},
	publisher    = {Human Resource Management Academic Research Society},
	volume       = 6,
	number       = 12,
	pages        = {321--331},
	doi          = {10.6007/IJARBSS/V6-I12/2477},
	url          = {http://hrmars.com/hrmars_papers/Article_30_The_Importance_of_Financial_Education_in_the_School_Curriculum.pdf}
}
@article{Junger_Medeiros_Moura_Barrocal_Amaral_2019,
	title        = {Marketing Infantil: A Influência Midiática No Desenvolvimento Psicológico De Crianças EAdolescentes},
	author       = {Junger, Alex Paubel and Medeiros, Andressa Rodrigues de and Moura, Débora Martins Viana de and Barrocal, Rebeca Rosa and Amaral, Luiz Henrique},
	year         = 2019,
	journal      = {Revista Terceiro Incluído: Transdiciplinaridade e Temas Contemporâneos},
	address      = {Goiânia},
	volume       = {09},
	number       = {01},
	pages        = {93--103},
	doi          = {10.5216/teri.v9i1.56012},
	url          = {https://revistas.ufg.br/teri/article/view/56012},
	urlaccessdate = {02 out. 2022}
}
@article{OECD,
	title        = {Recommendation on Principles and Good Practices for Financial Education and Awareness},
	author       = {{Organisation for Economic Co-operation and Development (OECD)}},
	year         = 2005,
	url          = {http://www.oecd.org/finance/financial-education/35108560.pdf},
	urlaccessdate = {03 out. 2022}
}
@article{Santos_Thayna_da_silva_2021,
	title        = {A Importância do Lúdico no Processo de Ensino Aprendizagem e no Desenvolvimento Infantil},
	author       = {Santos, Thayná da Silva and Menezes, Aurelania Maria de Carvalho},
	year         = 2021,
	journal      = {ID Online. Revista de Psicologia},
	volume       = 15,
	number       = 58,
	pages        = {660--668},
	doi          = {10.14295/idonline.v15i58.3353},
	url          = {https://idonline.emnuvens.com.br/id/article/download/3353/5263},
	urlaccessdate = {05 out. 2022}
}
@article{Cruz_Araujo_Andrye_Galvao_Madeira_2022,
	title        = {Jogos Educacionais Digitais e suas Relações com os Campos de Experiências da Educação Infantil},
	author       = {Cruz Araujo, Lucineide and Andrye Galvao Madeira, Charles},
	year         = 2022,
	journal      = {RENOTE},
	volume       = 20,
	number       = 1,
	pages        = {183–192},
	doi          = {10.22456/1679-1916.126634},
	url          = {https://www.seer.ufrgs.br/index.php/renote/article/view/126634},
	place        = {Porto Alegre}
}
@article{educacao_financeira_na_infancia_reflexos,
	title        = {Educação Financeira na Infância e Adolescência e Seus Reflexos na Vida Adulta: Uma Revisão de Literatura},
	author       = {VANDERLEY, Matheus S. and SILVA, Jean G. S. and ALMEIDA, Severina A. S.},
	year         = 2020,
	journal      = {Facit Business and Technology Journal},
	address      = {Local de publicação},
	volume       = {Vol. 1},
	number       = {Ed. 20},
	pages        = {149--166},
	doi          = {DOI},
	url          = {http://revistas.faculdadefacit.edu.br/index.php/JNT/article/download/825/596},
	urlaccessdate = {28 set. 2022}
}
@book{Educacao_financeira_nas_escolas,
	title        = {Educação Financeira nas Escolas 5},
	author       = {CONEF},
	year         = 2014,
	publisher    = {CONEF},
	address      = {Brasília},
	url          = {https://issuu.com/edufinanceiranaescola/docs/ef_aluno_livro5_isbn_ok_web},
	edition      = {1ª ed.},
	subtitle     = {Ensino Fundamental},
	urlaccessdate = {12 out. 2022}
}
@book{Educacao_financeira_nas_escolas_professor,
	title        = {Educação Financeira nas Escolas 5 - Livro do Professor},
	author       = {CONEF},
	year         = 2014,
	publisher    = {CONEF},
	address      = {Brasília},
	url          = {https://issuu.com/edufinanceiranaescola/docs/ef_prof_livro_5_isbn_ok_web},
	edition      = {1ª ed.},
	subtitle     = {Ensino Fundamental},
	urlaccessdate = {12 out. 2022}
}
@article{SERASA_Setembro_2022,
	title        = {Mapa da Inadinplência e Renegociação de Dívidas},
	author       = {SERASA},
	year         = 2022,
	url          = {https://cdn.builder.io/o/assets%2Fb212bb18f00a40869a6cd42f77cbeefc%2Fe8d2469a839d432f866adc713bea6639?alt=media&token=a9e1b08f-c637-466f-9cd1-2875d5dfc976&apiKey=b212bb18f00a40869a6cd42f77cbeefc},
	date         = {set. 2022},
	organization = {SERASA},
	urlaccessdate = {15 nov. 2022}
}
@article{IBGE_populacao,
	title        = {Projeção da população do Brasil e das Unidades da Federação},
	author       = {IBGE},
	year         = 2022,
	url          = {https://www.ibge.gov.br/apps/populacao/projecao/index.html},
	date         = {set. 2022},
	organization = {IBGE},
	urlaccessdate = {15 nov. 2022}
}
@article{GresseVonWangenheim2020,
	title        = {MEEGA+KIDS: A Model for the Evaluation of Games for Computing Education in Secondary School},
	author       = {GRESSE VON WANGENHEIM, Christiane and PETRI, Giani and FERRETI BORGATTO, Adriano},
	year         = 2020,
	journal      = {Revista Novas Tecnologias na Educação},
	address      = {Porto Alegre},
	volume       = 18,
	number       = 1,
	doi          = {10.22456/1679-1916.105938},
	url          = {https://seer.ufrgs.br/index.php/renote/article/view/105938},
	urlaccessdate = {15 nov. 2022}
}
@article{petri2019meega+,
	title        = {MEEGA+: Um Modelo para a Avaliação de Jogos Educacionais para o Ensino de Computação},
	author       = {PETRI, Giani and GRESSE VON WANGENHEIM, Christiane and BORGATTO, Adriano Ferreti},
	year         = 2019,
	journal      = {Revista Brasileira de Informática na Educação},
	address      = {Florianópolis},
	volume       = 27,
	number       = 3,
	url          = {https://www.researchgate.net/profile/Giani-Petri/publication/309031701_MEEGA_An_Evolution_of_a_Model_for_the_Evaluation_of_Educational_Games/links/57fe4b5208ae727564015b28/MEEGA-An-Evolution-of-a-Model-for-the-Evaluation-of-Educational-Games.pdf},
	urlaccessdate = {15 nov. 2022}
}
@article{borges2021desenvolvimento,
	title        = {DESENVOLVIMENTO DE UM JOGO ELETRÔNICO 2D EM JAVA},
	author       = {Borges, Ezequiel and Prado, Sandra Cristina Costa},
	year         = 2021,
	booktitle    = {Congresso de Tecnologia-Fatec Mococa},
	volume       = 4,
	number       = 1,
	url          = {https://congresso.fatecmococa.edu.br/index.php/congresso/article/view/202},
	urlaccessdate = {20 nov. 2022}
}
@article{jones2013dynamic,
	title        = {Dynamic Sprites},
	author       = {Jones, Ben and Popovic, Jovan and McCann, James and Li, Wilmot and Bargteil, Adam},
	year         = 2013,
	booktitle    = {Proceedings of Motion on Games},
	location     = {Dublin 2, Ireland},
	publisher    = {Association for Computing Machinery},
	address      = {New York, NY, USA},
	series       = {MIG '13},
	pages        = {39–46},
	doi          = {10.1145/2522628.2522631},
	isbn         = 9781450325462,
	url          = {https://dl.acm.org/doi/pdf/10.1145/2522628.2522631?casa_token=90I9jRiyudMAAAAA:2Lnb02KmlH9LuVAsVd2vO9EJ6Tc5AnwSihxlNwYaBppJoS6fafEppO703Tk33FMuOwrOJIaJqjNsnTM},
	numpages     = 8,
	keywords     = {physics-based animation},
	urlaccessdate = {20 nov. 2022}
}
@article{Documentacao_RPGJs,
	title        = {Documentação Framework},
	author       = {RPGJS.dev},
	year         = 2011,
	url          = {https://docs.rpgjs.dev/guide/get-started.html},
	organization = {RPGJS},
	urlaccessdate = {20 nov. 2022}
}
@misc{Tiled,
	title        = {Tiled | Fexible level editor},
	author       = {Thorbjørn Lindeijer},
	year         = 2022,
	url          = {https://www.mapeditor.org/},
	urldate      = {20 nov. 2022}
}
@article{Finance_Game,
	title        = {FINANCE GAME: UM JOGO DE APOIO À EDUCAÇÃO FINANCEIRA},
	author       = {de Castro Teixeira Junior, Rodrigo and Teixeira Traspadini, Arthur and Alves Sant’ana, Vinicius and Batista Nascimento, Danilo and Battestin Nunes, Vanessa and Alcina Martins Nobre, Isaura},
	year         = 2015,
	month        = {jul.},
	journal      = {Revista Novas Tecnologias na Educação},
	volume       = 13,
	number       = 1,
	doi          = {10.22456/1679-1916.57663},
	url          = {https://seer.ufrgs.br/index.php/renote/article/view/57663},
	place        = {Porto Alegre},
	abstractnote = {Vivemos hoje um momento em que se explora cada vez mais o consumismo excessivo e em que muitas pessoas gastam mais do que ganham, vivendo em um constante endividamento. A educação financeira se mostra extremamente necessária desde a infância, para que decisões sensatas e planejadas possam ser tomadas. Diante desse cenário, este artigo apresenta um jogo educativo de apoio à educação financeira, que objetiva apoiar a tomada de decisões visando o equilíbrio financeiro e a qualidade de vida. Para seu desenvolvimento foi utilizada a metodologia XisOA. O jogo foi bem avaliado por uma especialista da área de educação, que também apontou aspectos a serem melhorados, e, da mesma forma, foi bem avaliado na opinião de algumas crianças que o jogaram.}
}
@article{Debt_Maze,
	title        = {Evolution of Serious Games to Support Lifelong Learning and Decision Making: Design and Implementation of a Financial Literacy Game},
	author       = {Rasco, A. and Chan, J. and Peko, G. and Sundaram, D.},
	year         = 2021,
	month        = {January},
	journal      = {Proceedings of the 54th Hawaii International Conference on System Sciences},
	pages        = 64,
	url          = {https://scholarspace.manoa.hawaii.edu/handle/10125/70619}
}
@article{mariano2020educaccao,
	title        = {Educa{\c{c}}{\~a}o financeira infantil: forma criativa de educar},
	author       = {MARIANO, Kathleen Diniz and FERNANDES, Carolina Martins and Dos SANTOS, Juliana Casarotti Ferreira},
	year         = 2020,
	journal      = {ETIC-ENCONTRO DE INICIA{\c{C}}{\~A}O CIENT{\'I}FICA-ISSN 21-76-8498},
	volume       = 16,
	number       = 16
}
@article{santos2020investplay,
	title        = {InvestPlay: Jogo de educa{\c{c}}{\~a}o financeira para crian{\c{c}}as na faixa et{\'a}ria de 10 {\`a} 16 anos},
	author       = {Santos, Evandro dos and Silvestre, R{\'o}bson},
	year         = 2020,
	journal      = {Ci{\^e}ncia da Computa{\c{c}}{\~a}o-Tubar{\~a}o}
}
@comment{jabref-meta: databaseType:bibtex;}
